%References for Active Balun
@misc{lwa_memo,
	key = {lwa_memo},
	title = {{LWA Memo Series}},
	url = {https://www.faculty.ece.vt.edu/swe/lwa/},
	note = {{Accessed Jul. 18, 2020}}
}
@misc{reeve_observatory,
	key = {reeve},
	title = {{Long Wavelength Array Active Crossed-Dipole Antenna}},
	url = {http://www.reeve.com/RadioScience/Antennas/ActiveCrossed-Dipole/LWA_Antenna.htm},
	note = {{Accessed Jul. 18, 2020}}
}
@misc{lwa_vla,
	key = {lwa_vla},
	title = {{Long Wavelength Array, Catching big waves with small blades}},
	url = {http://www.phys.unm.edu/~lwa/index.html},
	note = {{Accessed Jul. 18, 2020}}
}
@misc{lwa_ovro,
	key = {lwa_ovro},
	title = {{The Owens Valley Long Wavelength Array}},
	url = {http://www.tauceti.caltech.edu/LWA/index.html},
	note = {{Accessed Jul. 18, 2020}}
}
@misc{lwa_memo_190,
	key = {lwa_memo_190},
	title = {{Collected LWA Engineering Memos from the Development of the Front End Electronics (FEE)}},
	url = {https://www.faculty.ece.vt.edu/swe/lwa/memo/lwa0190.pdf},
	note = {{Accessed Jul. 18, 2020}}
}
@incollection{lwa_memo_87,
	author = {{Brian Hicks, Nagini Paravastu, Paul Ray, Bill Erickson}},
	title = {{A Comparison of Two Power Combining Elements for LWA Active-Baluns -  180$^{\circ}$  Hybrid versus Wideband Transformer}},
	booktitle = {LWA Memo Series},
	year={2007},
	date = {{May 9, 2007}},
	number = {87},
	url = {{https://www.faculty.ece.vt.edu/swe/lwa/memo/lwa0087.pdf}},
	note = {{Accessed Jul. 18, 2020}}
}
@incollection{lwa_memo_120,
	author = {{Brian Hicks (NRL), Nagini Paravastu (ASEE/NRL)}},
	title = {{The Rapid Test Array Balun (G250R)}},
	booktitle = {LWA Memo Series},
	year={2007},
	date = {{December 12, 2007}},
	number = {120},
	url = {{https://www.faculty.ece.vt.edu/swe/lwa/memo/lwa0120.pdf}},
	note = {{Accessed Jul. 18, 2020}}
}
@incollection{lwa_memo_135,
	author = {{Brian Hicks and Bill Erickson}},
	title = {{Bias-T Design Considerations for the LWA}},
	booktitle = {LWA Memo Series},
	year={2008},
	date = {{May 21, 2008}},
	number = {135},
	url = {{https://www.faculty.ece.vt.edu/swe/lwa/memo/lwa0135.pdf}},
	note = {{Accessed Jul. 18, 2020}}
}
@incollection{lwa_memo_188,
	author = {{Brian Hicks, Steve Burns, Tracy Clarke, Jacob Hartman, Norm McGlothlin, Nagini Paravastu, Paul S. Ray, Henrique Schmitt, and Ken Stewart}},
	title = {{Preliminary Design of the LWA-1 Array, Antenna, Stand, Front End Electronics, and Ground Screen}},
	booktitle = {LWA Memo Series},
	year={2009},
	date = {{Feb 20, 2009}},
	number = {188},
	url = {{https://www.faculty.ece.vt.edu/swe/lwa/memo/lwa0188.pdf}},
	note = {{Accessed Jul. 18, 2020}}
}


